<record xmlns="http://www.loc.gov/MARC21/slim" xmlns:xsi="http://www.w3.org/2001/XMLSchema-instance" xsi:schemaLocation="http://www.loc.gov/MARC21/slim http://www.loc.gov/standards/marcxml/schema/MARC21slim.xsd"><leader>     nam a22        4500</leader><controlfield tag="001">3082674</controlfield><controlfield tag="003">NNC</controlfield><controlfield tag="006">m        d        </controlfield><controlfield tag="007">cr cn |||m|||a</controlfield><controlfield tag="008">150316s1930    ua      o     000 0 arard</controlfield><datafield ind1=" " ind2=" " tag="040"><subfield code="a">NNU</subfield><subfield code="b">eng</subfield><subfield code="e">rda</subfield><subfield code="c">NNU</subfield></datafield><datafield ind1=" " ind2="4" tag="050"><subfield code="a">BP136.8</subfield><subfield code="b">.I23 1930</subfield></datafield><datafield ind1="1" ind2=" " tag="100"><subfield code="6">880-01</subfield><subfield code="a">Ibn Qutaybah, &#699;Abd Alla&#772;h ibn Muslim,</subfield><subfield code="d">828-889?</subfield></datafield><datafield ind1="1" ind2="3" tag="245"><subfield code="6">880-02</subfield><subfield code="a">al-Masa&#772;&#700;il wa-al-ajwibah fi&#772; al-h&#803;adi&#772;th wa-al-lughah,</subfield><subfield code="c">ta&#700;li&#772;f Abi&#772; Muh&#803;ammad &#699;Abd Alla&#772;h ibn Muslim ibn Qutaybah. &#699;An nuskhah bi-khat&#803;t&#803; Muh&#803;ammad Mah&#803;mu&#772;d ibn al-Tala&#772;mi&#772;d al-Tirkizi&#772; al-Shinqi&#772;t&#803;i&#772; min khaza&#772;natihi fi&#772; Da&#772;r al-Kutub al-Mis&#803;ri&#772;yah al-&#699;A&#772;mirah.</subfield></datafield><datafield ind1=" " ind2=" " tag="260"><subfield code="a">al-Qa&#772;hirah :</subfield><subfield code="b">Maktabat al-Qudsi&#772;,</subfield><subfield code="c">1349 [i.e. 1930 or 1931]</subfield></datafield><datafield ind1=" " ind2=" " tag="300"><subfield code="a">online resource (28 pages)</subfield></datafield><datafield ind1=" " ind2=" " tag="336"><subfield code="a">text</subfield><subfield code="2">rdacontent</subfield></datafield><datafield ind1=" " ind2=" " tag="337"><subfield code="a">computer</subfield><subfield code="2">rdamedia</subfield></datafield><datafield ind1=" " ind2=" " tag="338"><subfield code="a">online resource</subfield><subfield code="2">rdacarrier</subfield></datafield><datafield ind1=" " ind2=" " tag="500"><subfield code="a">Part of the Arabic Collections Online (ACO) project, contributed by Columbia University Libraries.</subfield></datafield><datafield ind1=" " ind2=" " tag="533"><subfield code="a">Electronic reproduction.</subfield><subfield code="b">New York, N.Y. :</subfield><subfield code="c">New York University,</subfield><subfield code="d">2015.</subfield><subfield code="5">NNU</subfield></datafield><datafield ind1=" " ind2="0" tag="650"><subfield code="a">Hadith</subfield><subfield code="x">Criticism, interpretation, etc.</subfield></datafield><datafield ind1=" " ind2="7" tag="650"><subfield code="a">Hadith.</subfield><subfield code="2">fast</subfield><subfield code="0">(OCoLC)fst00950112</subfield></datafield><datafield ind1=" " ind2="7" tag="655"><subfield code="a">Criticism, interpretation, etc.</subfield><subfield code="2">fast</subfield><subfield code="0">(OCoLC)fst01411635</subfield></datafield><datafield ind1="2" ind2=" " tag="710"><subfield code="a">Columbia University.</subfield><subfield code="b">Libraries.</subfield></datafield><datafield ind1="0" ind2=" " tag="730"><subfield code="a">Arabic Collections Online.</subfield></datafield><datafield ind1="0" ind2="8" tag="776"><subfield code="i">Print version:</subfield><subfield code="a">Ibn Qutaybah, &#699;Abd Alla&#772;h ibn Muslim, 828-889?</subfield><subfield code="t">al-Masa&#772;&#700;il wa-al-ajwibah fi&#772; al-h&#803;adi&#772;th wa-al-lughah</subfield><subfield code="w">(NNC)3082674</subfield><subfield code="w">(OCoLC)18348012</subfield></datafield><datafield ind1="4" ind2="0" tag="856"><subfield code="u">http://hdl.handle.net/2333.1/2280gddt</subfield></datafield><datafield ind1="1" ind2=" " tag="880"><subfield code="6">100-01/r</subfield><subfield code="a">&#1575;&#1576;&#1606; &#1602;&#1578;&#1610;&#1576;&#1577;&#1548; &#1593;&#1576;&#1583; &#1575;&#1604;&#1604;&#1607; &#1576;&#1606; &#1605;&#1587;&#1604;&#1605;.</subfield></datafield><datafield ind1="1" ind2="2" tag="880"><subfield code="6">245-02/r</subfield><subfield code="a">&#1575;&#1604;&#1605;&#1587;&#1575;&#1574;&#1604; &#1608;&#1575;&#1604;&#1571;&#1580;&#1608;&#1576;&#1577; &#1601;&#1610; &#1575;&#1604;&#1581;&#1583;&#1610;&#1579; &#1608;&#1575;&#1604;&#1604;&#1594;&#1577; /</subfield><subfield code="c">&#1578;&#1571;&#1604;&#1610;&#1601; &#1571;&#1576;&#1610; &#1605;&#1581;&#1605;&#1583; &#1593;&#1576;&#1583; &#1575;&#1604;&#1604;&#1607; &#1576;&#1606; &#1605;&#1587;&#1604;&#1605; &#1576;&#1606; &#1602;&#1578;&#1610;&#1576;&#1577;.</subfield></datafield><datafield ind1=" " ind2=" " tag="880"><subfield code="6">260-00/r</subfield><subfield code="a">&#1575;&#1604;&#1602;&#1575;&#1607;&#1585;&#1577; :</subfield><subfield code="b">&#1605;&#1603;&#1578;&#1576;&#1577; &#1575;&#1604;&#1602;&#1583;&#1587;&#1548;</subfield><subfield code="c">&#1633;&#1635;&#1636;&#1641;.</subfield></datafield><datafield ind1=" " ind2=" " tag="959"><subfield code="a">NNU</subfield><subfield code="b">WEB</subfield><subfield code="c">GENI</subfield><subfield code="t">0</subfield><subfield code="m">Electronic access</subfield><subfield code="s">01</subfield></datafield><datafield ind1=" " ind2=" " tag="999"><subfield code="i">NNC_3082674</subfield><subfield code="o">(OCoLC)ocm18348012 </subfield><subfield code="s">columbia_aco000372</subfield><subfield code="e">(ERROR-880)</subfield></datafield></record>